<?xml version="1.0" encoding="UTF-8"?><record xmlns="http://www.loc.gov/MARC21/slim" xmlns:cinclude="http://apache.org/cocoon/include/1.0" xmlns:zs="http://www.loc.gov/zing/srw/">
  <leader>00501cz  a2200157n  4500</leader>
  <controlfield tag="001">n  81018926 </controlfield>
  <controlfield tag="003">DLC</controlfield>
  <controlfield tag="005">20090122075548.0</controlfield>
  <controlfield tag="008">810327n| acannaabn          |a aaa      </controlfield>
  <datafield tag="010" ind1=" " ind2=" ">
    <subfield code="a">n  81018926 </subfield>
  </datafield>
  <datafield tag="035" ind1=" " ind2=" ">
    <subfield code="a">(OCoLC)oca00564762</subfield>
  </datafield>
  <datafield tag="040" ind1=" " ind2=" ">
    <subfield code="a">DLC</subfield>
    <subfield code="b">eng</subfield>
    <subfield code="c">DLC</subfield>
    <subfield code="d">OCoLC</subfield>
  </datafield>
  <datafield tag="100" ind1="1" ind2=" ">
    <subfield code="a">Kummer, Max</subfield>
  </datafield>
  <datafield tag="400" ind1="1" ind2=" ">
    <subfield code="a">Kummer, Max Rudolf</subfield>
  </datafield>
  <datafield tag="670" ind1=" " ind2=" ">
    <subfield code="a">Author's BeitraĚge zur Lehre von der Causa, 1942.</subfield>
  </datafield>
  <datafield tag="670" ind1=" " ind2=" ">
    <subfield code="a">Recht und Wirtschaft heute, 1980 (a.e.)</subfield>
    <subfield code="b">t.p. (Max Kummer, o. Prof. an d. Univ. Bern) p. ix (b. 8/12/15)</subfield>
  </datafield>
</record>